<record><leader>00000cas a22000007a 4500</leader><controlfield tag="001">14868440</controlfield><controlfield tag="008">861124d18591859txudr ne      0    0eng d</controlfield><datafield ind1=" " ind2=" " tag="010"><subfield code="a">sn 86090239 </subfield></datafield><datafield ind1=" " ind2=" " tag="040"><subfield code="a">PPM</subfield><subfield code="b">eng</subfield><subfield code="c">PPM</subfield><subfield code="d">OCLCQ</subfield></datafield><datafield ind1=" " ind2=" " tag="042"><subfield code="a">msc</subfield></datafield><datafield ind1="0" ind2=" " tag="130"><subfield code="a">Daily Texan (San Antonio, Tex. : 1859)</subfield></datafield><datafield ind1="1" ind2="4" tag="245"><subfield code="a">The daily Texan.</subfield></datafield><datafield ind1=" " ind2=" " tag="260"><subfield code="a">San Antonio [Tex.] :</subfield><subfield code="b">G.R. Fink</subfield></datafield><datafield ind1=" " ind2=" " tag="300"><subfield code="a">v. :</subfield><subfield code="b">ill. (chiefly advertisements) ;</subfield><subfield code="c">47 cm.</subfield></datafield><datafield ind1=" " ind2=" " tag="310"><subfield code="a">Daily</subfield></datafield><datafield ind1="1" ind2=" " tag="362"><subfield code="a">Began in Apr. 1859; ceased in Nov. 1859.</subfield></datafield><datafield ind1=" " ind2=" " tag="588"><subfield code="a">Description based on: Vol. 1, no. 6 (Apr. 18, 1859).</subfield></datafield><datafield ind1=" " ind2=" " tag="752"><subfield code="a">United States</subfield><subfield code="b">Texas</subfield><subfield code="c">Bexar</subfield><subfield code="d">San Antonio.</subfield></datafield><datafield ind1="0" ind2=" " tag="775"><subfield code="t">San Antonio Texan</subfield><subfield code="w">(DLC)sn 86089546</subfield></datafield><datafield ind1="0" ind2="7" tag="785"><subfield code="t">Daily ledger (San Antonio, Tex. : 1858)</subfield><subfield code="w">(DLC)sn 86080283</subfield></datafield><datafield ind1="0" ind2="7" tag="785"><subfield code="t">Daily ledger and Texan</subfield><subfield code="w">(DLC)sn 86090284</subfield></datafield></record>